<?xml version="1.0" encoding="UTF-8"?><collection xmlns="http://www.loc.gov/MARC21/slim"><record><leader>00344nam--2200121-i-4500</leader><controlfield tag="001">000006234</controlfield><controlfield tag="002">20161230</controlfield><controlfield tag="005">20161230201026</controlfield><controlfield tag="008">060222s1000------------r-----000-0-eng-d</controlfield><datafield ind1=" " ind2=" " tag="100"><subfield code="a">Church, J.M., Simonds, H.R</subfield></datafield><datafield ind1=" " ind2=" " tag="245"><subfield code="a">A concise guide to plastics.second edition</subfield></datafield><datafield ind1=" " ind2=" " tag="260"><subfield code="a">New York, Reinhold Publishing Corp., 1963. Xii + 392 P</subfield></datafield><datafield ind1=" " ind2=" " tag="852"><subfield code="a">18549</subfield></datafield></record></collection>